@misc{,

}

@article{abrego_2011_immigrant,
  author = {Abrego, Leisy J and Menjivar, Cecilia},
  pages = {9–26},
  title = {Immigrant latina mothers as targets of legal violence},
  url = {https://www.jstor.org/stable/pdf/23029784.pdf},
  urldate = {2023-05},
  volume = {37},
  year = {2011},
  journal = {International Journal of Sociology of the Family}
}

@article{apnews,
        author = {{Associated Press}},
	title = {{Biden administration says 'Remain in Mexico' policy is over}},
	journal = {AP NEWS},
	year = {2022},
	month = aug,
	publisher = {Associated Press},
	note = {[Online; accessed 2. May 2023]},
	url = {https://apnews.com/article/mexico-immigration-government-and-politics-5c7bb29c829d7f0711b23f9beb18755d}
}

@misc{bethea_2019_after,
  author = {Bethea, Charles},
  month = {10},
  publisher = {The New Yorker},
  title = {After ICE came to morton, mississippi},
  url = {https://www.newyorker.com/news/dispatch/after-ice-came-to-morton-mississippi},
  urldate = {2023-05},
  year = {2019},
  organization = {The New Yorker}
}

@misc{bernal_2019_ice,
  author = {Bernal, Rafael and Rodrigo, Chris Mills},
  month = {08},
  publisher = {The Hill},
  title = {ICE agents arrest 680 undocumented workers in Mississippi},
  url = {https://thehill.com/latino/456566-immigration-agents-arrest-680-mississippi-food-processing-facilities/},
  urldate = {2023-05},
  year = {2019},
  organization = {The Hill}
}

@misc{capps_2007_paying,
  author = {Capps, Randolph and Castaneda, Rosa Maria and Chaundry, Ajay and Santos, Robert},
  month = {10},
  title = {Paying the price: The impact of immigration raids on america's children},
  url = {https://www.urban.org/research/publication/paying-price-impact-immigration-raids-americas-children},
  urldate = {2023-05},
  year = {2007},
  organization = {Urban Institute}
}

@article{lopez_2022_largescale,
  author = {Lopez, William D and Collins, Katherine A and Cervantes, Guadalupe and Reynosa, Dalila and Cesar, Julio and Novak, Nicole L},
  month = {02},
  pages = {59-66},
  publisher = {Lippincott Williams & Wilkins},
  title = {Large-scale immigration worksite raids and mixed-status families},
  doi = {10.1097/fch.0000000000000322},
  url = {https://pubmed.ncbi.nlm.nih.gov/35125488/},
  urldate = {2023-05},
  volume = {45},
  year = {2022},
  journal = {Family & Community Health}
}

@misc{cervantes_2020_the,
  author = {Cervantes, Wendy and Ullrich, Rebecca and Meraz, Vanessa},
  month = {07},
  title = {The day that ICE came: How worksite raids are once again harming children and families},
  url = {https://www.clasp.org/publications/report/brief/day-ice-came-how-worksite-raids-are-once-again-harming-children-and/},
  urldate = {2023-05},
  year = {2020},
  organization = {The Center for Law and Social Policy}
}

@misc{chvez_2019_heres,
  author = {Chávez, Stella M},
  month = {04},
  publisher = {KERA},
  title = {Here's the breakdown of the 284 workers ICE arrested in the allen immigration raid},
  url = {https://www.keranews.org/news/2019-04-04/heres-the-breakdown-of-the-284-workers-ice-arrested-in-the-allen-immigration-raid},
  urldate = {2023-05},
  year = {2019},
  organization = {KERA News}
}

@article{chaudry_2010_children,
  author = {Chaudry, Ajay and Capps, Randy and Pedroza, Juan Manuel and Castañeda, Rosa Maria and Santos, Robert and Scott, Molly M},
  month = {02},
  pages = {137-154},
  title = {Children in the aftermath of immigration enforcement},
  doi = {10.1353/hcy.2011.0010},
  url = {https://www.urban.org/sites/default/files/publication/28331/412020-Facing-Our-Future.PDF},
  volume = {4},
  year = {2010},
  journal = {The Urban Institute}
}

@misc{chertoff_2006_press,
  author = {Chertoff, Michael},
  month = {12},
  title = {Press conference on operation wagon train},
  url = {https://www.hsdl.org/?view&did=475833},
  year = {2006}
}

@misc{dee_2019_vanished,
  author = {Dee, Thomas S and Murphy, Mark},
  month = {07},
  title = {Vanished classmates: The effects of local immigration enforcement on school enrollment - thomas s. Dee, mark murphy, 2020},
  url = {https://journals.sagepub.com/stoken/default+domain/CTD4VYX2BIZHWUTERAIB/full},
  urldate = {2023-05},
  year = {2019},
  organization = {American Educational Research Journal}
}

@misc{departmentofhomelandsecurity_2018_budgetinbrief,
  author = {{Department of Homeland Security}},
  pages = {36-37},
  title = {Budget-in-brief fiscal year 2018},
  url = {https://www.dhs.gov/sites/default/files/publications/DHS%20FY18%20BIB%20Final.pdf},
  year = {2018}
}

@misc{committeeonlabor_2008_ice,
  author = {{Committee on Labor}},
  month = {05},
  title = {ICE workplace raids: Their impact on U.S. children, families, and communities},
  year = {2008}
}

@misc{jonescorrea_2009_immigration,
  author = {Jones-Correa, Michael and Fennelly, Katherine},
  month = {01},
  title = {Immigration enforcement and its effects on latino lives in two rural north carolina communities},
  url = {https://qipsr.as.uky.edu/sites/default/files/Correa-Enforcement%20Effects%20in%20NC%2011.02.pdf},
  urldate = {2023-05},
  year = {2009}
}

@article{juby_2011_postville,
  author = {Juby, Cindy and Kaplan, Laura E},
  month = {04},
  pages = {147-153},
  title = {Postville: The effects of an immigration raid},
  doi = {10.1606/1044-3894.4096},
  url = {http://postvilleproject.org/stories/files/original/postville--the-effects-of-an-immigration-raid_6753e62564.pdf},
  volume = {92},
  year = {2011},
  journal = {Families in Society: The Journal of Contemporary Social Services}
}

@misc{kitroeff_2018_workplace,
  author = {Kitroeff, Natalie},
  month = {01},
  title = {Workplace raids signal shifting tactics in immigration fight (published 2018)},
  url = {https://www.nytimes.com/2018/01/15/business/economy/immigration-raids.html},
  urldate = {2023-05},
  year = {2018},
  organization = {The New York Times}
}

@article{laurito_2019_school,
  author = {Laurito, Agustina and Lacoe, Johanna and Amy Ellen Schwartz and Sharkey, Patrick and Ingrid Gould Ellen},
  number = {2},
  pages = {141–166},
  publisher = {Russell Sage Foundation},
  title = {School climate and the impact of neighborhood crime on test scores},
  url = {https://www.jstor.org/stable/10.7758/rsf.2019.5.2.08},
  urldate = {2023-05},
  volume = {5},
  year = {2019},
  journal = {RSF: The Russell Sage Foundation Journal of the Social Sciences}
}

@misc{workplace,
  author = {{Legal Aid at Work}},
  title = {Workplace raids: Workers' rights},
  url = {https://legalaidatwork.org/factsheet/workplace-raids-workers-rights/},
  urldate = {2023-05},
  organization = {Legal Aid At Work}
}

@article{legewie_2019_aggressive,
  author = {Legewie, Joscha and Fagan, Jeffrey},
  pages = {220-247},
  publisher = {SAGE Publications Inc},
  title = {Aggressive policing and the educational performance of minority youth},
  doi = {10.1177/0003122419826020},
  url = {https://doi.org/10.1177/0003122419826020},
  urldate = {2023-05},
  volume = {84},
  year = {2019},
  journal = {Am Sociol Rev}
}

@misc{kim_2017_trump,
  author = {Min Kim, Seung and Hesson, Ted},
  month = {02},
  title = {Trump just getting started with immigration raids},
  url = {https://www.politico.com/story/2017/02/trump-immigration-raids-234970},
  urldate = {2023-05},
  year = {2017},
  organization = {Politico}
}

@article{massey_2016_why,
  author = {Massey, Douglas S and Durand, Jorge and Pren, Karen A},
  month = {03},
  pages = {1557-1600},
  title = {Why border enforcement backfired},
  doi = {10.1086/684200},
  volume = {121},
  year = {2016},
  journal = {American Journal of Sociology}
}

@article{menjvar_2012_legal,
  author = {Menjívar, Cecilia and Abrego, Leisy J},
  month = {03},
  pages = {1380-1421},
  title = {Legal violence: Immigration law and the lives of central american immigrants},
  doi = {10.1086/663575},
  urldate = {2019-11},
  volume = {117},
  year = {2012},
  journal = {American Journal of Sociology}
}

@misc{law_2020_worksite,
  author = {{National Immigration Law Center}},
  month = {01},
  title = {Worksite immigration raids},
  url = {https://www.nilc.org/issues/workersrights/worksite-raids/},
  urldate = {2023-05},
  year = {2020},
  organization = {National Immigration Law Center}
}

@article{novak_2017_change,
  author = {Novak, Nicole L and Geronimus, Arline T and Aresha Martinez-Cardoso},
  month = {06},
  publisher = {Oxford University Press},
  title = {Change in birth outcomes among infants born to Latina mothers after a major immigration raid},
  doi = {10.1093/ije/dyw346},
  url = {https://pubmed.ncbi.nlm.nih.gov/28115577/},
  urldate = {2023-05},
  year = {2017},
  journal = {International Journal of Epidemiology}
}

@misc{crowder_2018_postville,
  author = {Crowder, Courtney and Elmer, MacKenzie},
  month = {05},
  publisher = {The Des Moines Register},
  title = {Postville raid anniversary: A timeline of events in one of America's largest illegal immigration campaigns},
  url = {https://www.desmoinesregister.com/story/news/investigations/2018/05/10/postville-raid-anniversary-timeline-aaron-rubashkin-agriprocessors-postville-iowa-immigration-raid/588025002/#:~:text=Nearly%20400%20undocumented%20plant%20workers,Enforcement%20officials%20at%20the%20time.},
  urldate = {2023-05},
  year = {2018},
  organization = {The Des Moines Register}
}

@book{portes_2001_legacies,
  author = {Portes, Alejandro and Rumbaut, Rubén G},
  publisher = {University Of California Press ; New York},
  title = {Legacies : the story of the immigrant second generation},
  year = {2001}
}

@book{jackson_2020_manifesto,
  author = {Jackson, Michelle},
  publisher = {Stanford University Press},
  title = {Manifesto for a Dream: Inequality, constraint, and radical reform.},
  year = {2020}
}

@misc{krogstad_gonzalez-barrera_2022, title={Key facts about U.S. immigration policies and Biden’s proposed changes}, url={https://www.pewresearch.org/short-reads/2022/01/11/key-facts-about-u-s-immigration-policies-and-bidens-proposed-changes/}, journal={Pew Research Center}, publisher={Pew Research Center}, author={Krogstad, Jens Manuel and Gonzalez-Barrera, Ana}, year={2022}, month={Jan} }

@article{Rose2022Jan,
	author = {Rose, Joel},
	title = {{Biden's limits on ICE offered hope. But immigrant advocates say he's broken promises}},
	journal = {NPR},
	year = {2022},
	publisher = {NPR},
	url = {https://www.npr.org/2022/01/21/1073162105/biden-limits-ice-immigrant-advocates}
}

@article{sharkey_2010_the,
  author = {Sharkey, Patrick},
  month = {06},
  pages = {11733-11738},
  publisher = {National Academy of Sciences},
  title = {The acute effect of local homicides on children's cognitive performance},
  doi = {10.1073/pnas.1000690107},
  url = {https://www.pnas.org/doi/10.1073/pnas.1000690107},
  urldate = {2023-05},
  volume = {107},
  year = {2010},
  journal = {Proceedings of the National Academy of Sciences of the United States of America}
}

@article{sharkey_2012_the,
  author = {Sharkey, Patrick and Tirado-Strayer, Nicole and Papachristos, Andrew V and C. Cybele Raver},
  month = {11},
  pages = {2287-2293},
  publisher = {American Public Health Association},
  title = {The effect of local violence on children's attention and impulse control},
  doi = {10.2105/ajph.2012.300789},
  url = {https://www.ncbi.nlm.nih.gov/pmc/articles/PMC3519330/},
  urldate = {2023-05},
  volume = {102},
  year = {2012},
  journal = {American Journal of Public Health}
}

@article{sharkey_2014_high,
  author = {Sharkey, Patrick and Amy Ellen Schwartz and Ingrid Gould Ellen and Lacoe, Johanna},
  month = {05},
  pages = {199-220},
  publisher = {Society for Sociological Science},
  title = {High stakes in the classroom, high stakes on the street: The effects of community violence on student's standardized test performance},
  doi = {10.15195/v1.a14},
  url = {https://sociologicalscience.com/articles-vol1-14-199/},
  urldate = {2023-05},
  volume = {1},
  year = {2014},
  journal = {Sociological Science}
}

@article{schwartz_2021_the,
  author = {Schwartz, Amy Ellen and Laurito, Agustina and Lacoe, Johanna and Sharkey, Patrick and Ellen, Ingrid Gould},
  pages = {3005-3021},
  publisher = {SAGE Publications Ltd},
  title = {The academic effects of chronic exposure to neighbourhood violence},
  doi = {10.1177/00420980211052149},
  url = {https://doi.org/10.1177/00420980211052149},
  urldate = {2023-05},
  volume = {59},
  year = {2021},
  journal = {Urban Studies}
}

@article{Sullivan2021Oct,
	author = {Sullivan, Eileen},
	title = {{Biden Ends Workplace Immigration Raids, Reversing Trump Policy}},
	journal = {N.Y. Times},
	year = {2021},
	month = oct,
	issn = {0362-4331},
	publisher = {The New York Times},
	url = {https://www.nytimes.com/2021/10/12/us/politics/biden-workplace-immigration-raids.html}
}

@misc{tennessee_2019_tirrc,
  author = {{Tennessee Immigrant and Refugee Rights Coalition}},
  month = {08},
  title = {TIRRC condemns massive raids in mississippi, demands end to worksite raids},
  year = {2019}
}

@misc{texas_2020_cancellation,
  author = {{Texas Education Agency}},
  month = {03},
  title = {Cancellation of STAAR testing for the remainder of the school year},
  url = {https://tea.texas.gov/about-tea/news-and-multimedia/correspondence/taa-letters/cancellation-of-staar-testing-for-the-remainder-of-the-school-year},
  year = {2020}
}

@book{tea_2020_sb1365, 
      title={Senate Bill 1365 Accountability System Impact OVERVIEW}, 
      url={https://tea.texas.gov/sites/default/files/senate-bill-1365-explanatory-document.pdf}, 
      author={{Texas Education Agency}}, year={2020}}




@misc{texas_new,
  author = {{Texas Education Agency}},
  title = {New federal requirements for ethnicity and race data collection and reporting},
  year = {2009},
  url = {https://tea.texas.gov/sites/default/files/appf_0.doc}
}

@article{torche_2019_restrictive,
  author = {Torche, Florencia and Sirois, Catherine},
  month = {01},
  pages = {24-33},
  publisher = {Oxford University Press},
  title = {Restrictive immigration law and birth outcomes of immigrant women},
  doi = {10.1093/aje/kwy218},
  url = {https://pubmed.ncbi.nlm.nih.gov/30358825/},
  urldate = {2023-05},
  volume = {188},
  year = {2019},
  journal = {American Journal of Epidemiology}
}

@misc{we_2019_united,
  author = {{United We Dream}},
  month = {04},
  title = {United we dream Texas condemns Allen ICE raid targeting black and brown immigrant workers},
  url = {https://twitter.com/UWDTexas/status/1113580459752083456},
  year = {2019}
}

@misc{bureau_2019_2019,
  author = {{Census Bureau}},
  title = {2019 American Community Survey 1-year Public Use Microdata Samples},
  year = {2019}
}

@misc{usimmigration_2018_ice,
  author = {{U.S. Immigration and Customs Enforcement}},
  month = {08},
  title = {ICE executes federal criminal search warrants in North Texas},
  url = {https://www.ice.gov/news/releases/ice-executes-federal-criminal-search-warrants-north-texas#:~:text=SUMNER%2C%20Texas%20%E2%80%94%20As%20part%20of,at%20a%20North%20Texas%20business.},
  urldate = {2023-05},
  year = {2018},
  organization = {Ice.gov}
}

@article{watson_2014_inside,
  author = {Watson, Tara},
  month = {08},
  pages = {313-338},
  publisher = {American Economic Association},
  title = {Inside the refrigerator: Immigration enforcement and chilling effects in medicaid participation},
  doi = {10.1257/pol.6.3.313},
  url = {https://www.aeaweb.org/articles?id=10.1257/pol.6.3.313},
  urldate = {2023-05},
  volume = {6},
  year = {2014},
  journal = {American Economic Journal: Economic Policy}
}

@misc{bellows_2019_immigration,
  author = {Bellows, Laura},
  title = {Immigration Enforcement and Student Achievement in the Wake of Secure Communities - Laura Bellows, 2019},
  url = {https://journals.sagepub.com/doi/10.1177/2332858419884891},
  urldate = {2023-05-02},
  year = {2019},
  organization = {AERA Open}
}

@misc{bellows_2021_the,
  author = {Bellows, Laura},
  title = {The Effect of Immigration Enforcement on School Engagement: Evidence From 287(g) Programs in North Carolina - Laura Bellows, 2021},
  url = {https://journals.sagepub.com/doi/full/10.1177/23328584211039467},
  urldate = {2023-05-02},
  year = {2021},
  organization = {AERA Open}
}

@misc{usimmigrationandcustomsenforcement_2023_who,
  author = {{U.S. Immigration and Customs Enforcement}},
  title = {Who We Are},
  url = {https://www.ice.gov/about-ice},
  urldate = {2023-05-02},
  year = {2023},
  organization = {ice.gov}
}

@misc{passel_2016_children,
  author = {Passel, Jeffrey S and Cohn, D’Vera},
  month = {11},
  publisher = {Pew Research Center},
  title = {Children of unauthorized immigrants represent rising share of K-12 students},
  url = {https://www.pewresearch.org/short-reads/2016/11/17/children-of-unauthorized-immigrants-represent-rising-share-of-k-12-students/},
  urldate = {2023-05-02},
  year = {2016},
  organization = {Pew Research Center}
}

@misc{capps_2015_implications,
  author = {Capps, Randy and Koball, Heather and Campetella, Andrea and Perreira, Krista and Hooker, Sarah and Pedroza, Juan},
  title = {Implications of Immigration Enforcement Activities for the Well- Being of Children in Immigrant Families A Review of the Literature},
  url = {https://www.migrationpolicy.org/sites/default/files/publications/ASPE-ChildrenofDeported-Lit%20Review-FINAL.pdf},
  year = {2015}
}

@article{dreby_2012_the,
  author = {Dreby, Joanna},
  pages = {829-845},
  publisher = {National Council on Family Relations},
  title = {The Burden of Deportation on Children in Mexican Immigrant Families},
  url = {http://www.jstor.org/stable/41678758},
  urldate = {2023-05-01},
  volume = {74},
  year = {2012},
  journal = {Journal of Marriage and Family}
}

@misc{preston_2020_the,
  author = {Preston, Julia},
  month = {06},
  publisher = {The Marshall Project},
  title = {The True Costs of Deportation},
  url = {https://www.themarshallproject.org/2020/06/22/the-true-costs-of-deportation},
  urldate = {2023-05-02},
  year = {2020},
  organization = {The Marshall Project}
}

@article{warren_2017_mass,
  author = {Warren, Robert J and Kerwin, Donald},
  month = {03},
  pages = {1-8},
  publisher = {Center for Migration Studies of New York},
  title = {Mass Deportations Would Impoverish US Families and Create Immense Social Costs},
  doi = {10.1177/233150241700500101},
  url = {https://journals.sagepub.com/doi/epdf/10.1177/233150241700500101},
  urldate = {2023-05-02},
  volume = {5},
  year = {2017},
  journal = {Journal on migration and human security}
}

@article{rugh_2016_deporting,
  author = {Rugh, Jacob S and Hall, Matthew},
  month = {12},
  pages = {1077-1102},
  publisher = {Society for Sociological Science},
  title = {Deporting the American Dream: Immigration Enforcement and Latino Foreclosures},
  doi = {10.15195/v3.a46},
  url = {https://sociologicalscience.com/articles-v3-46-1053/},
  urldate = {2023-05-02},
  volume = {3},
  year = {2016},
  journal = {Sociological Science}
}

@article{brabeck_2011_framing,
  author = {Brabeck, Kalina M and Brinton, Lykes M and Hershberg, Rachel},
  pages = {275-296},
  publisher = {Routledge},
  title = {Framing immigration to and deportation from the United States: Guatemalan and Salvadoran families make meaning of their experiences},
  doi = {10.1080/13668803.2010.520840},
  url = {https://doi.org/10.1080/13668803.2010.520840},
  volume = {14},
  year = {2011},
  journal = {Community, Work & Family}
}

@article{hagan_2010_number,
  author = {Hagan, Jacqueline and Castro, Brianna and Rodriguez, Nestor},
  pages = {1799},
  title = {Number 5 Globalization, Families, and the State Article 12 6-1-2010 on Immigrant Families and Communities: Cross-Border Perspectives, 88 N.C},
  url = {https://scholarship.law.unc.edu/cgi/viewcontent.cgi?referer=&httpsredir=1&article=4446&context=nclr},
  urldate = {2023-05-02},
  volume = {88},
  year = {2010},
  journal = {L. Rev}
}

@article{gulbas_2016_deportation,
  author = {Gulbas, Lauren E and Zayas, Luis H and Yoon, Hyunsoo and Szlyk, Hannah S and Aguilar-Gaxiola, Sergio and Natera, Guillermina},
  month = {03},
  pages = {220-230},
  publisher = {Wiley-Blackwell},
  title = {Deportation experiences and depression among U.S. citizen-children with undocumented Mexican parents},
  doi = {10.1111/cch.12307},
  url = {https://pubmed.ncbi.nlm.nih.gov/26648588/},
  urldate = {2023-05-02},
  volume = {42},
  year = {2016},
  journal = {Child Care Health and Development}
}

@article{delva_2013_mental,
  author = {Delva, Jorge and Horner, Pilar and Martinez, Ramiro and Sanders, Laura and Lopez, William D and Doering-white, John},
  pages = {25-35},
  title = {Mental health problems of children of undocumented parents in the united states: A hidden crisis},
  url = {http://jppc.ro/en/index.php/jppc/article/view/203},
  urldate = {2023-05-02},
  year = {2013},
  journal = {Journal of Community Positive Practices}
}

@article{zayas_2015_the,
  author = {Zayas, Luis H and Aguilar-Gaxiola, Sergio and Yoon, Hyunwoo and Guillermina Natera Rey},
  month = {01},
  pages = {3213-3223},
  publisher = {Springer Science+Business Media},
  title = {The Distress of Citizen-Children with Detained and Deported Parents},
  doi = {10.1007/s10826-015-0124-8},
  url = {https://www.ncbi.nlm.nih.gov/pmc/articles/PMC4667551/},
  urldate = {2023-05-02},
  volume = {24},
  year = {2015},
  journal = {Journal of Child and Family Studies}
}

@misc{lopez_2011_the,
  author = {Lopez, Tomas},
  title = {The Impact of SB 1070 on Arizona's Youth},
  url = {https://law.arizona.edu/sites/default/files/Left_Back%20Report.pdf},
  year = {2011}
}

@article{alsan_2018_fear,
  author = {Alsan, Marcella and Yang, Crystal},
  title = {Fear and the Safety Net: Evidence from Secure Communities},
  doi = {10.2139/ssrn.3162437},
  year = {2018},
  journal = {SSRN Electronic Journal}
}

@article{vargas_2015_immigration,
  author = {Vargas, Edward D},
  month = {10},
  pages = {83-89},
  publisher = {Elsevier BV},
  title = {Immigration enforcement and mixed-status families: The effects of risk of deportation on Medicaid use},
  doi = {10.1016/j.childyouth.2015.07.009},
  url = {https://www.ncbi.nlm.nih.gov/pmc/articles/PMC4592159/},
  urldate = {2023-05-02},
  volume = {57},
  year = {2015},
  journal = {Children and Youth Services Review}
}

@article{vargas_2016_mixedstatus,
  author = {Vargas, Edward D and Pirog, Maureen A},
  month = {04},
  pages = {555-572},
  publisher = {Wiley-Blackwell},
  title = {Mixed-Status Families and WIC Uptake: The Effects of Risk of Deportation on Program Use*},
  doi = {10.1111/ssqu.12286},
  url = {https://onlinelibrary.wiley.com/doi/10.1111/ssqu.12286},
  urldate = {2023-05-02},
  volume = {97},
  year = {2016},
  journal = {Social Science Quarterly}
}

@article{jacome_2022_the,
  author = {Jacome, Elisa},
  month = {03},
  pages = {103395-103395},
  publisher = {Elsevier BV},
  title = {The effect of immigration enforcement on crime reporting: Evidence from Dallas},
  doi = {10.1016/j.jue.2021.103395},
  url = {https://www.sciencedirect.com/science/article/abs/pii/S0094119021000772},
  urldate = {2023-05-02},
  volume = {128},
  year = {2022},
  journal = {Journal of Urban Economics}
}

@misc{pedroza_2018_ice,
  author = {Pedroza, Juan and Scott, Molly M.},
  month = {05},
  title = {ICE worksite raids are back. Here’s what we know about them},
  url = {https://www.urban.org/urban-wire/ice-worksite-raids-are-back-heres-what-we-know-about-them},
  urldate = {2023-05-02},
  year = {2018},
  organization = {Urban Institute}
}

@misc{capps_2016_a,
  author = {Capps, Randy and Fix, Michael and Zong, Jie},
  month = {01},
  title = {A Profile of U.S. Children with Unauthorized Immigrant Parents},
  url = {https://www.migrationpolicy.org/research/profile-us-children-unauthorized-immigrant-parents},
  urldate = {2023-05-02},
  year = {2016},
  organization = {migrationpolicy.org}
}

@article{acevedogarcia_2021_including,
  author = {Acevedo-Garcia, Dolores and Joshi, Pamela and Ruskin, Emily and Walters, Abigail N and Sofer, Nomi and Carlos García Guevara},
  month = {11},
  pages = {S117-S125},
  publisher = {Elsevier BV},
  title = {Including Children in Immigrant Families in Policy Approaches to Reduce Child Poverty},
  doi = {10.1016/j.acap.2021.06.016},
  url = {https://www.academicpedsjnl.net/article/S1876-2859(21)00375-2/fulltext},
  urldate = {2023-05-02},
  volume = {21},
  year = {2021},
  journal = {Academic Pediatrics}
}

@article{donato_2008_the,
  author = {Donato, Katharine M and Wagner, Brandon and Patterson, Evelyn},
  pages = {330-359},
  publisher = {[Center for Migration Studies of New York, Inc., Wiley]},
  title = {The Cat and Mouse Game at the MexicoU.S. Border: Gendered Patterns and Recent Shifts},
  url = {http://www.jstor.org/stable/27645254},
  urldate = {2023-05-02},
  volume = {42},
  year = {2008},
  journal = {The International Migration Review}
}

@article{hall_2010_legal,
  author = {Hall, Matthew and Greenman, Emily and Farkas, George},
  month = {12},
  pages = {491-513},
  publisher = {Oxford University Press},
  title = {Legal Status and Wage Disparities for Mexican Immigrants},
  doi = {10.1353/sof.2010.0082},
  url = {https://www.ncbi.nlm.nih.gov/pmc/articles/PMC4235135/#R13},
  urldate = {2023-05-02},
  volume = {89},
  year = {2010},
  journal = {Social Forces}
}

@article{flippen_2012_laboring,
  author = {Flippen, Chenoa A},
  month = {02},
  pages = {21-42},
  publisher = {Oxford University Press},
  title = {Laboring Underground},
  doi = {10.1525/sp.2012.59.1.21},
  url = {https://academic.oup.com/socpro/article/59/1/21/2259022},
  urldate = {2023-05-02},
  volume = {59},
  year = {2012},
  journal = {Social Problems}
}

@misc{dramski_2017_on,
  author = {Dramski, Pavel},
  title = {On the Clock How Immigrants Fill Gaps in the Labor Market by Working Nontraditional Hours},
  url = {https://research.newamericaneconomy.org/wp-content/uploads/2017/07/NAE_UnusualWorkingHours_V5.pdf},
  year = {2017},
  organization = {New American Economy}
}

@misc{enchautegui_2015_who,
  author = {Enchautegui, María and Johnson, Martha and Gelatt, Julia},
  title = {Who Minds the Kids When Mom Works a Nonstandard Schedule?},
  url = {https://www.urban.org/sites/default/files/publication/64696/2000307-Who-Minds-the-Kids-When-Mom-Works-a-Nonstandard-Schedule.pdf?utm_source=the%20longmont%20leader&utm_campaign=the%20longmont%20leader%3A%20outbound&utm_medium=referral},
  urldate = {2023-05-02},
  year = {2015}
}

@article{kim_2021_mothers,
  author = {Kim, Jeounghee and Liu, Feng-Yi},
  month = {09},
  pages = {106156-106156},
  publisher = {Elsevier BV},
  title = {Mothers’ nonstandard work schedules and the use of multiple and center-based childcare},
  doi = {10.1016/j.childyouth.2021.106156},
  url = {https://www.sciencedirect.com/science/article/abs/pii/S0190740921002322},
  urldate = {2023-05-02},
  volume = {128},
  year = {2021},
  journal = {Children and Youth Services Review}
}

@article{fuller_2019_worsening,
  author = {Fuller, Bruce and Kim, Yoonjeon and Galindo, Claudia and Bathia, Shruti and Bridges, Margaret and Duncan, Greg J and Valdivia, García},
  pages = {407-420},
  publisher = {American Educational Research Association},
  title = {Worsening School Segregation for Latino Children?},
  doi = {10.3102/0013189X19860814},
  url = {https://doi.org/10.3102/0013189X19860814},
  urldate = {2023-05-01},
  volume = {48},
  year = {2019},
  journal = {Educational Researcher}
}

@misc{usdepartmentofeducation_2014_20132014,
  author = {{U.S. Department of Education}},
  title = {2013-2014 Civil Rights Data Collection: A First Look},
  url = {https://ocrdata.ed.gov/assets/downloads/2013-14-first-look.pdf},
  year = {2014}
}

@article{ckirabojackson_2015_the,
  author = {C. Kirabo Jackson and Johnson, Rucker C and Persico, Claudia},
  month = {01},
  publisher = {RePEc: Research Papers in Economics},
  title = {The Effects of School Spending on Educational and Economic Outcomes: Evidence from School Finance Reforms},
  doi = {10.3386/w20847},
  url = {https://www.nber.org/papers/w20847},
  urldate = {2023-05-02},
  year = {2015},
  journal = {RePEc: Research Papers in Economics}
}

@misc{schaeffer_2022_just,
  author = {Schaeffer, Katherine},
  month = {08},
  publisher = {Pew Research Center},
  title = {Just over half of U.S. public schools offer mental health assessments for students; fewer offer treatment},
  url = {https://www.pewresearch.org/short-reads/2022/08/10/just-over-half-of-u-s-public-schools-offer-mental-health-assessments-for-students-fewer-offer-treatment/},
  urldate = {2023-05-02},
  year = {2022},
  organization = {Pew Research Center}
}

@misc{afterschoolalliance_2020_2020,
  author = {{Afterschool Alliance}},
  title = {2020 America After 3PM Data},
  url = {https://afterschoolalliance.org/AA3PM/data/geo/National/overview},
  urldate = {2023-05-02},
  year = {2020}
}

@misc{evans_2018_when,
  author = {Evans, Molly},
  title = {When Texas Schools Don't Make The Grade},
  url = {http://stories.kera.org/saving-schools/2018/04/16/when-texas-schools-dont-make-the-grade/},
  urldate = {2023-05-02},
  year = {2018}
}

@article{reardon_2009_the,
  author = {Reardon, Sean F. and Galindo, Claudia},
  month = {09},
  pages = {853-891},
  title = {The Hispanic-White Achievement Gap in Math and Reading in the Elementary Grades},
  doi = {10.3102/0002831209333184},
  urldate = {2019-12-06},
  volume = {46},
  year = {2009},
  journal = {American Educational Research Journal}
}

@article{hughes_2018_effect,
  author = {Hughes, Jan N and West, Stephen C and Kim, Hanjoe and Bauer, Shelby S},
  month = {11},
  pages = {974-991},
  publisher = {American Psychological Association},
  title = {Effect of early grade retention on school completion: A prospective study.},
  doi = {10.1037/edu0000243},
  url = {https://www.ncbi.nlm.nih.gov/pmc/articles/PMC6377178/},
  urldate = {2023-05-02},
  volume = {110},
  year = {2018},
  journal = {Journal of Educational Psychology}
}

@article{allen_2009_quality,
  author = {Allen, Chiharu S. and Chen, Qi and Willson, Victor L. and Hughes, Jan N.},
  month = {12},
  pages = {480-499},
  title = {Quality of Research Design Moderates Effects of Grade Retention on Achievement: A Meta-Analytic, Multilevel Analysis},
  doi = {10.3102/0162373709352239},
  urldate = {2019-12-12},
  volume = {31},
  year = {2009},
  journal = {Educational Evaluation and Policy Analysis}
}

@misc{uscensusbureau_2019_2019,
  author = {{Census Bureau}},
  publisher = {United States Census Bureau},
  title = {2019 QuickFacts: Allen City, Texas},
  urldate = {2023-05-02},
  year = {2019},
  organization = {Census Bureau QuickFacts}
}

@misc{usimmigrationandcustomsenforcement_2019_ice,
  author = {{U.S. Immigration and Customs Enforcement}},
  title = {ICE executes federal criminal search warrant in North Texas},
  url = {https://www.ice.gov/news/releases/ice-executes-federal-criminal-search-warrant-north-texas},
  urldate = {2023-05-02},
  year = {2019},
  organization = {ice.gov}
}

@misc{texaseducationagency_2019_texas,
  author = {{Texas Education Agency}},
  month = {01},
  title = {Texas Academic Performance Reports 2019},
  url = {https://tea.texas.gov/texas-schools/accountability/academic-accountability/performance-reporting/texas-academic-performance-reports},
  urldate = {2023-05-02},
  year = {2019},
  organization = {Texas.gov}
}

@book{gandara_2010_the,
  author = {Gandara, Patricia C and Contreras, Frances},
  publisher = {Harvard University Press},
  title = {The Latino education crisis : the consequences of failed social policies},
  year = {2010}
}

@article{jodibergercardoso_2021_immigration,
  author = {Jodi Berger Cardoso and Brabeck, Kalina M and Capps, Randy and Chen, Tzu-An and Giraldo-Santiago, Natalia and Huertas, Anjely and Mayorga, Nubia A},
  month = {05},
  pages = {961-968},
  publisher = {Elsevier BV},
  title = {Immigration Enforcement Fear and Anxiety in Latinx High School Students: The Indirect Effect of Perceived Discrimination},
  doi = {10.1016/j.jadohealth.2020.08.019},
  url = {https://www.jahonline.org/article/S1054-139X(20)30503-6/fulltext},
  urldate = {2023-05-02},
  volume = {68},
  year = {2021},
  journal = {Journal of Adolescent Health}
}

@article{cardoso_2021_immigration,
  author = {Cardoso, Jodi Berger and Brabeck, Kalina and Capps, Randy and Chen, Tzuan and GiraldoSantiago, Natalia and Huertas, Anjely and Mayorga, Nubia A},
  pages = {961-968},
  publisher = {Elsevier},
  title = {Immigration Enforcement Fear and Anxiety in Latinx High School Students: The Indirect Effect of Perceived Discrimination},
  doi = {10.1016/j.jadohealth.2020.08.019},
  url = {https://doi.org/10.1016/j.jadohealth.2020.08.019},
  urldate = {2023-05-01},
  volume = {68},
  year = {2021},
  journal = {Journal of Adolescent Health}
}